<record><leader>00000cas a2200000 a 4500</leader><controlfield tag="001">28572897</controlfield><controlfield tag="008">930805d19931993kyuwr ne      0    0eng d</controlfield><datafield ind1=" " ind2=" " tag="010"><subfield code="a">sn 93058436 </subfield></datafield><datafield ind1=" " ind2=" " tag="040"><subfield code="a">KNP</subfield><subfield code="b">eng</subfield><subfield code="c">KNP</subfield><subfield code="d">NSD</subfield><subfield code="d">OCL</subfield><subfield code="d">OCLCQ</subfield><subfield code="d">KYUBL</subfield><subfield code="d">OCLCQ</subfield><subfield code="d">OCLCO</subfield><subfield code="d">OCLCF</subfield></datafield><datafield ind1="1" ind2=" " tag="029"><subfield code="a">AU@</subfield><subfield code="b">000025856627</subfield></datafield><datafield ind1=" " ind2=" " tag="042"><subfield code="a">msc</subfield></datafield><datafield ind1=" " ind2=" " tag="043"><subfield code="a">n-us-ky</subfield></datafield><datafield ind1="0" ind2=" " tag="130"><subfield code="a">Georgetown news (Georgetown, Ky. : 1993)</subfield></datafield><datafield ind1="1" ind2="4" tag="245"><subfield code="a">The Georgetown news.</subfield></datafield><datafield ind1=" " ind2=" " tag="260"><subfield code="a">Georgetown, Ky. :</subfield><subfield code="b">Robert A. Scott</subfield></datafield><datafield ind1=" " ind2=" " tag="300"><subfield code="a">v.</subfield></datafield><datafield ind1=" " ind2=" " tag="310"><subfield code="a">Weekly</subfield></datafield><datafield ind1="0" ind2=" " tag="362"><subfield code="a">Vol. 126, no. 1 (Jan. 6, 1993)-v. 126, no. 4 (Jan. 27, 1993) ; v. 1, no. 5 (Feb. 3, 1993)-v. 1, no. 28 (July 7, 1993).</subfield></datafield><datafield ind1=" " ind2="0" tag="651"><subfield code="a">Georgetown (Ky.)</subfield><subfield code="v">Newspapers.</subfield></datafield><datafield ind1=" " ind2="0" tag="651"><subfield code="a">Scott County (Ky.)</subfield><subfield code="v">Newspapers.</subfield></datafield><datafield ind1=" " ind2="7" tag="655"><subfield code="a">Newspapers.</subfield><subfield code="2">fast</subfield><subfield code="0">(OCoLC)fst01423814</subfield></datafield><datafield ind1=" " ind2="7" tag="651"><subfield code="a">Kentucky</subfield><subfield code="z">Georgetown.</subfield><subfield code="2">fast</subfield><subfield code="0">(OCoLC)fst01219886</subfield></datafield><datafield ind1=" " ind2="7" tag="651"><subfield code="a">Kentucky</subfield><subfield code="z">Scott County.</subfield><subfield code="2">fast</subfield><subfield code="0">(OCoLC)fst01209896</subfield></datafield><datafield ind1=" " ind2=" " tag="752"><subfield code="a">United States</subfield><subfield code="b">Kentucky</subfield><subfield code="c">Scott County</subfield><subfield code="d">Georgetown.</subfield></datafield><datafield ind1="0" ind2="0" tag="780"><subfield code="t">Georgetown news &amp; times</subfield><subfield code="w">(DLC)sn 86069037</subfield><subfield code="w">(OCoLC)13112922</subfield></datafield><datafield ind1="0" ind2="7" tag="785"><subfield code="t">Georgetown graphic (Georgetown, Ky. : 1985)</subfield><subfield code="w">(DLC)sn 85052193</subfield><subfield code="w">(OCoLC)12832593</subfield></datafield><datafield ind1="0" ind2="7" tag="785"><subfield code="t">Georgetown news-graphic</subfield><subfield code="x">1072-9305</subfield><subfield code="w">(DLC)sn 93058426</subfield><subfield code="w">(OCoLC)28573195</subfield></datafield></record>